@inproceedings{contoh1,
  author        = "R. K. Gupta and S. D. Senturia",
  title         = "Pull-in Time Dynamics as a Measure of Absolute Pressure",
  booktitle     = "Proc. {IEEE} International Workshop on
                   Microelectromechanical Systems ({MEMS}'97)",
  address       = "Nagoya, Japan",
  month         = jan,
  year          = "1997",
  pages         = "290-294"
}

@electronic{IEEEhowto:IEEEtranpage,
  author        = "Michael Shell",
  title         = "{IEEE}tran Homepage",
  url           = "http://www.michaelshell.org/tex/ieeetran/",
  year          = "2008"
}



@electronic{IEEEexample:shellCTANpage,
  author        = "Michael Shell",
  title         = "{IEEE}tran Webpage on {CTAN}",
  url           = "http://www.ctan.org/tex-archive/macros/latex/contrib/IEEEtran/",
  year          = "2008"
}


@electronic{IEEEexample:IEEEwebsite,
  title         = "The {IEEE} Website",
  url           = "http://www.ieee.org/",
  year          = "2008",
  key           = "IEEE"
}


@electronic{IEEEexample:bibtexuser,
  author        = "Oren Patashnik",
  title         = "{{\BibTeX}}ing",
  howpublished  = "{btxdoc.pdf}",
  url           = "http://www.ctan.org/tex-archive/biblio/bibtex/contrib/doc/",
  month         = feb,
  year          = "1988"
}



@electronic{IEEEexample:bibtexdesign,
  author        = "Oren Patashnik",
  title         = "Designing {{\BibTeX}} Styles",
  howpublished  = "{btxhak.pdf}",
  url           = "http://www.ctan.org/tex-archive/biblio/bibtex/contrib/doc/",
  month         = feb,
  year          = "1988"
}


@electronic{IEEEexample:tamethebeast,
  author        = "Nicolas Markey",
  title         = "Tame the BeaST  ---  The B to X of {{\BibTeX}}",
  url           = "http://tug.ctan.org/tex-archive/info/bibtex/tamethebeast/",
  month         = oct,
  year          = "2005"
}


@electronic{IEEEexample:bibtexFAQ,
  author        = "David Hoadley and Michael Shell",
  title         = "{{\BibTeX}} Tips and {FAQ}",
  howpublished  = "{btxFAQ.pdf}",
  url           = "http://www.ctan.org/tex-archive/biblio/bibtex/contrib/doc/",
  month         = jan,
  year          = "2007"
}


@electronic{IEEEexample:texfaq,
  author        = "Robin Fairbairns",
  title         = "The {{\TeX}} {FAQ}",
  url           = "http://www.tex.ac.uk/cgi-bin/texfaq2html/",
  month         = jun,
  year          = "2008"
}


@electronic{IEEEexample:bibtexguide,
  author        = "Ki-Joo Kim",
  title         = "A {{\BibTeX}} Guide via Examples",
  howpublished  = "{bibtex\_guide.pdf}",
  url           = "http://www.geocities.com/kijoo2000/",
  month         = apr,
  year          = "2004"
}



@electronic{IEEEexample:beebe_archive,
  author        = "Nelson H. F. Beebe",
  title         = "{{\TeX}} User Group Bibliography Archive",
  url           = "http://www.math.utah.edu/pub/tex/bib/index-table.html",
  month         = jul,
  year          = "2008"
}


@electronic{ctan:natbib,
  author        = "Patrick W. Daly",
  title         = "The natbib.sty package",
  url           = "http://www.ctan.org/tex-archive/macros/latex/contrib/natbib/",
  month         = oct,
  year          = "2007"
}


@electronic{IEEEexample:urlsty,
  author        = "Donald Arseneau",
  title         = "The url.sty Package",
  url           = "http://www.ctan.org/tex-archive/macros/latex/contrib/misc/",
  month         = apr,
  year          = "2006",
}



@electronic{IEEEexample:hyperrefsty,
  author        = "Sebastian Rahtz and Heiko Oberdiek",
  title         = "The hyperref.sty Package",
  url           = "http://www.ctan.org/tex-archive/macros/latex/contrib/hyperref/",
  month         = sep,
  year          = "2008",
}



@electronic{IEEEexample:breakurl,
  author        = "Vilar Camara Neto",
  title         = "The breakurl.sty Package",
  url           = "http://www.ctan.org/tex-archive/macros/latex/contrib/breakurl/",
  month         = jul,
  year          = "2008",
}



@electronic{IEEEexample:babel,
  author        = "Johannes Braams",
  title         = "The Babel Package",
  url           = "http://www.ctan.org/tex-archive/macros/latex/required/babel/",
  month         = jul,
  year          = "2008",
}



@electronic{IEEEexample:multibibsty,
  author        = "Thorsten Hansen",
  title         = "The multibib.sty package",
  url           = "http://www.ctan.org/tex-archive/macros/latex/contrib/multibib/",
  month         = jan,
  year          = "2004"
}


@electronic{IEEEexample:biblatex,
  author        = "Philipp Lehman",
  title         = "The biblatex package",
  url           = "http://www.ctan.org/tex-archive/macros/latex/exptl/biblatex/",
  month         = apr,
  year          = "2008"
}




@article{IEEEexample:article_typical,
  author        = "S. Zhang and C. Zhu and J. K. O. Sin and P. K. T. Mok",
  title         = "A Novel Ultrathin Elevated Channel Low-temperature 
                   Poly-{Si} {TFT}",
  journal       = IEEE_J_EDL,
  volume        = "20",
  month         = nov,
  year          = "1999",
  pages         = "569-571"
}



@article{IEEEexample:articleetal,
  author        = "F. Delorme and others",
  title         = "Butt-jointed {DBR} Laser With 15 {nm} Tunability Grown
                   in Three {MOVPE} Steps",
  journal       = "Electron. Lett.",
  volume        = "31",
  number        = "15",
  year          = "1995",
  pages         = "1244-1245"
}

@inproceedings{IEEEexample:conf_typical,
  author        = "R. K. Gupta and S. D. Senturia",
  title         = "Pull-in Time Dynamics as a Measure of Absolute Pressure",
  booktitle     = "Proc. {IEEE} International Workshop on
                   Microelectromechanical Systems ({MEMS}'97)",
  address       = "Nagoya, Japan",
  month         = jan,
  year          = "1997",
  pages         = "290-294"
}


@book{IEEEexample:book_typical,
  author        = "B. D. Cullity",
  title         = "Introduction to Magnetic Materials",
  publisher     = "Addison-Wesley",
  address       = "Reading, MA",
  year          = "1972"
}


@article{IEEEexample:articlelargepages,
  author        = "A. Castaldini and A. Cavallini and B. Fraboni
                   and P. Fernandez and J. Piqueras",
  title         = "Midgap Traps Related to Compensation Processes in
                   {CdTe} Alloys",
  journal       = "Phys. Rev. B.",
  volume        = "56",
  number        = "23",
  year          = "1997",
  pages         = "14897-14900"
}

@article{IEEEexample:articledualmonths,
  author        = "Y. Okada and K. Dejima and T. Ohishi",
  title         = "Analysis and Comparison of {PM} Synchronous Motor and
                   Induction Motor Type Magnetic Bearings",
  journal       = IEEE_J_IA,
  volume        = "31",
  month         = sep # "/" # oct,
  year          = "1995",
  pages         = "1047-1053"
}

@misc{IEEEexample:TBPmisc,
  author        = "M. Coates and A. Hero and R. Nowak and B. Yu",
  title         = "Internet Tomography",
  howpublished  = IEEE_M_SP,
  month         = may,
  year          = "2002",
  note          = "to be published"
}

@article{IEEEexample:TBParticle,
  author        = "N. Kahale and R. Urbanke",
  title         = "On the Minimum Distance of Parallel and Serially
                   Concatenated Codes",
  journal       = IEEE_J_IT,
  year          = "submitted for publication"
}

@book{IEEEexample:bookwitheditor,
  editor        = "J. C. Candy and G. C. Temes",
  title         = "Oversampling Delta-Sigma Data Converters Theory,
                   Design and Simulation",
  publisher     = "{IEEE} Press.",
  address       = "New York",
  year          = "1992"
}


@book{IEEEexample:book,
  author        = "S. M. Metev and V. P. Veiko",
  editor        = "Osgood, Jr., R. M.",
  title         = "Laser Assisted Microtechnology",
  edition       = "Second",
  publisher     = "Springer-Verlag",
  address       = "Berlin, Germany",
  year          = "1998"
}


@book{IEEEexample:bookwithseriesvolume,
  editor        = "J. Breckling",
  title         = "The Analysis of Directional Time Series: Applications to
                   Wind Speed and Direction",
  series        = "Lecture Notes in Statistics",
  publisher     = "Springer",
  address       = "Berlin, Germany",
  year          = "1989",
  volume        = "61"
}
